@article{DBLP:journals/corr/abs-1202-2092,
	author    = {Bernhard Haeupler and
	Gopal Pandurangan and
	David Peleg and
	Rajmohan Rajaraman and
	Zhifeng Sun},
	title     = {Discovery through Gossip},
	journal   = {CoRR},
	volume    = {abs/1202.2092},
	year      = {2012},
	url       = {http://arxiv.org/abs/1202.2092},
	archivePrefix = {arXiv},
	eprint    = {1202.2092},
	timestamp = {Mon, 13 Aug 2018 16:46:35 +0200},
	biburl    = {https://dblp.org/rec/journals/corr/abs-1202-2092.bib},
	bibsource = {dblp computer science bibliography, https://dblp.org}
}